
@article{adleman_1974_shortperm,
  title   = {Short permutation strings},
  author  = {Adleman, Leonard},
  journal = {Discrete Mathematics},
  volume  = {10},
  number  = {2},
  pages   = {197--200},
  year    = {1974}
}

@article{greenough_1976_semiorder,
  title  = {representation and enumeration of interval orders and semiorders},
  author = {Greenough, T Lockman},
  type   = {PhD thesis},
  year   = {1976}
}

@book{davey2002lattice,
  author    = {Brian A. Davey and
            Hilary A. Priestley},
  title     = {Introduction to Lattices and Order, Second Edition},
  doi       = {10.1017/CBO9780511809088},
  isbn      = {978-0-521-78451-1},
  publisher = {Cambridge University Press},
  year      = {2002}
}

@misc{engen2018_containing,
  title         = {Containing all permutations},
  author        = {Michael Engen and Vincent Vatter},
  year          = {2018},
  eprint        = {1810.08252},
  archiveprefix = {arXiv},
  primaryclass  = {math.CO}
}
